<?xml version="1.0" encoding="UTF-8"?><collection xmlns="http://www.loc.gov/MARC21/slim"><record><leader>00354nam--2200133-i-4500</leader><controlfield tag="001">000024706</controlfield><controlfield tag="002">20161230</controlfield><controlfield tag="005">20161230201035</controlfield><controlfield tag="008">060222s1000------------r-----000-0-eng-d</controlfield><datafield ind1=" " ind2=" " tag="080"><subfield code="a">620.179.15</subfield></datafield><datafield ind1=" " ind2=" " tag="100"><subfield code="a">Halmshaw, R</subfield></datafield><datafield ind1=" " ind2=" " tag="245"><subfield code="a">Industrial radiology. theory and practice</subfield></datafield><datafield ind1=" " ind2=" " tag="260"><subfield code="a">London, Applied Science Publishers, 1982. Xii + 329 P</subfield></datafield><datafield ind1=" " ind2=" " tag="852"><subfield code="a">78789</subfield></datafield></record></collection>